
@article{adler-milstein2015,
	title = {Electronic Health Record Adoption In US Hospitals: Progress Continues, But Challenges Persist},
	author = {Adler-Milstein, Julia and DesRoches, Catherine M. and Kralovec, Peter and Foster, Gregory and Worzala, Chantal and Charles, Dustin and Searcy, Talisha and Jha, Ashish K.},
	year = {2015},
	month = {12},
	date = {2015-12},
	journal = {Health Affairs},
	pages = {2174--2180},
	volume = {34},
	number = {12},
	doi = {10.1377/hlthaff.2015.0992},
	url = {http://dx.doi.org/10.1377/hlthaff.2015.0992},
	langid = {en}
}
